<record><leader>00000cas a22000007i 4500</leader><controlfield tag="001">862979678</controlfield><controlfield tag="006">m     o  d        </controlfield><controlfield tag="007">cr |n|000|||||</controlfield><controlfield tag="008">870604d19111922inuwr neo     0   a0eng  </controlfield><datafield ind1=" " ind2=" " tag="010"><subfield code="a">  2013272098</subfield></datafield><datafield ind1=" " ind2=" " tag="040"><subfield code="a">Nz</subfield><subfield code="b">eng</subfield><subfield code="e">rda</subfield><subfield code="c">Z5A</subfield><subfield code="d">DLC</subfield><subfield code="d">OCLCF</subfield></datafield><datafield ind1="0" ind2=" " tag="022"><subfield code="a">2332-4473</subfield><subfield code="2">1</subfield></datafield><datafield ind1="0" ind2=" " tag="029"><subfield code="a">NZ1</subfield><subfield code="b">15127801</subfield></datafield><datafield ind1=" " ind2=" " tag="042"><subfield code="a">msc</subfield><subfield code="a">nsdp</subfield></datafield><datafield ind1=" " ind2=" " tag="043"><subfield code="a">n-us-in</subfield></datafield><datafield ind1="1" ind2="0" tag="050"><subfield code="a">ISSN RECORD</subfield></datafield><datafield ind1="0" ind2="0" tag="082"><subfield code="a">071</subfield><subfield code="2">23</subfield></datafield><datafield ind1="0" ind2=" " tag="130"><subfield code="a">Weekly Republican (Plymouth, Ind. : Online)</subfield></datafield><datafield ind1=" " ind2="4" tag="222"><subfield code="a">The Weekly Republican</subfield><subfield code="b">(Plymouth, Ind. Online)</subfield></datafield><datafield ind1="0" ind2="4" tag="245"><subfield code="a">The weekly Republican.</subfield></datafield><datafield ind1=" " ind2="1" tag="264"><subfield code="a">Plymouth, Indiana :</subfield><subfield code="b">Samuel E. Boys,</subfield><subfield code="c">1911-1922.</subfield></datafield><datafield ind1=" " ind2=" " tag="310"><subfield code="a">Weekly</subfield></datafield><datafield ind1=" " ind2=" " tag="336"><subfield code="a">text</subfield><subfield code="b">txt</subfield><subfield code="2">rdacontent</subfield></datafield><datafield ind1=" " ind2=" " tag="337"><subfield code="a">computer</subfield><subfield code="b">c</subfield><subfield code="2">rdamedia</subfield></datafield><datafield ind1=" " ind2=" " tag="338"><subfield code="a">online resource</subfield><subfield code="b">cr</subfield><subfield code="2">rdacarrier</subfield></datafield><datafield ind1="1" ind2=" " tag="362"><subfield code="a">Began with volume 56, number 2 (January 12, 1911); ceased July 20, 1922.</subfield></datafield><datafield ind1=" " ind2=" " tag="515"><subfield code="a">Numbering does not continue from either of the preceeding titles.</subfield></datafield><datafield ind1=" " ind2=" " tag="580"><subfield code="a">Also published in a daily ed. called: The Plymouth daily Republican.</subfield></datafield><datafield ind1=" " ind2=" " tag="588"><subfield code="a">Description based on: Volume 56, number 2 (January 12, 1911); title from masthead (Chroniclingamerica.loc.gov, viewed November 27, 2013).</subfield></datafield><datafield ind1=" " ind2=" " tag="588"><subfield code="a">Latest issue consulted: Volume 58, number 18 (May 2, 1912) (Chroniclingamerica.loc.gov, viewed November 27, 2013).</subfield></datafield><datafield ind1=" " ind2="0" tag="651"><subfield code="a">Plymouth (Ind.)</subfield><subfield code="v">Newspapers.</subfield></datafield><datafield ind1=" " ind2="7" tag="655"><subfield code="a">Newspapers.</subfield><subfield code="2">fast</subfield><subfield code="0">(OCoLC)fst01423814</subfield></datafield><datafield ind1=" " ind2="7" tag="651"><subfield code="a">Indiana</subfield><subfield code="z">Plymouth.</subfield><subfield code="2">fast</subfield><subfield code="0">(OCoLC)fst01218147</subfield></datafield><datafield ind1=" " ind2=" " tag="752"><subfield code="a">United States</subfield><subfield code="b">Indiana</subfield><subfield code="c">Marshall</subfield><subfield code="d">Plymouth.</subfield></datafield><datafield ind1="1" ind2=" " tag="775"><subfield code="t">Plymouth daily Republican (Online)</subfield></datafield><datafield ind1="0" ind2="8" tag="776"><subfield code="i">Originally issued in print:</subfield><subfield code="t">Weekly Republican (Plymouth, Ind.)</subfield><subfield code="x">2332-4465</subfield><subfield code="w">(DLC)sn 87056245</subfield><subfield code="w">(OCoLC)15807888</subfield></datafield><datafield ind1="0" ind2="4" tag="780"><subfield code="t">Plymouth tribune (Plymouth, Ind. : Online)</subfield><subfield code="x">2332-4457</subfield><subfield code="w">(DLC)  2013272097</subfield><subfield code="w">(OCoLC)862979277</subfield></datafield><datafield ind1="0" ind2="4" tag="780"><subfield code="t">Weekly chronicle (Plymouth, Ind. : Online)</subfield></datafield><datafield ind1="4" ind2="0" tag="856"><subfield code="u">http://www.loc.gov/chroniclingamerica/lccn/sn87056245/issues</subfield></datafield></record>